<marc:record xmlns:marc="http://www.loc.gov/MARC21/slim" xmlns:xsi="http://www.w3.org/2001/XMLSchema-instance" xsi:schemaLocation="http://www.loc.gov/MARC21/slim http://www.loc.gov/standards/marcxml/schema/MARC21slim.xsd">
  <marc:leader>     cam a2200325u  4500</marc:leader>
  <marc:controlfield tag="001">001680281</marc:controlfield>
  <marc:controlfield tag="003">NNU</marc:controlfield>
  <marc:controlfield tag="005">20001218223130.0</marc:controlfield>
  <marc:controlfield tag="008">840726m19281930ae       b    000 0 arao </marc:controlfield>
  <marc:datafield tag="010" ind1=" " ind2=" ">
    <marc:subfield code="a">73206585 /NE</marc:subfield>
  </marc:datafield>
  <marc:datafield tag="035" ind1="9" ind2=" ">
    <marc:subfield code="a">NYUb12223684</marc:subfield>
  </marc:datafield>
  <marc:datafield tag="035" ind1=" " ind2=" ">
    <marc:subfield code="a">(CStRLIN)IAUG84-B52879</marc:subfield>
  </marc:datafield>
  <marc:datafield tag="040" ind1=" " ind2=" ">
    <marc:subfield code="c">CU</marc:subfield>
    <marc:subfield code="d">CU</marc:subfield>
    <marc:subfield code="d">IaU</marc:subfield>
  </marc:datafield>
  <marc:datafield tag="050" ind1="0" ind2=" ">
    <marc:subfield code="a">PJ7700.K8</marc:subfield>
    <marc:subfield code="b">Z77</marc:subfield>
  </marc:datafield>
  <marc:datafield tag="100" ind1="1" ind2=" ">
    <marc:subfield code="a">Pérès, Henri.</marc:subfield>
  </marc:datafield>
  <marc:datafield tag="245" ind1="1" ind2="0">
    <marc:subfield code="a">Sharḥ Dīwān Kuthayyir ibn ʻAbd al-Raḥmān al-Khuzāʻī al-mashhūr bi-Kuthayyir ʻAzzah.</marc:subfield>
    <marc:subfield code="c">Qad iʻtaná bi-jamʻihi wa-nashrihi Hanrī Pīris.</marc:subfield>
  </marc:datafield>
  <marc:datafield tag="260" ind1=" " ind2=" ">
    <marc:subfield code="a">[al-Jazāʹir,</marc:subfield>
    <marc:subfield code="b">Maṭbaʻat Jūl Karbūnil]</marc:subfield>
    <marc:subfield code="c">1928-[30]</marc:subfield>
  </marc:datafield>
  <marc:datafield tag="300" ind1=" " ind2=" ">
    <marc:subfield code="a">2 v.</marc:subfield>
    <marc:subfield code="c">19 cm.</marc:subfield>
  </marc:datafield>
  <marc:datafield tag="490" ind1="0" ind2=" ">
    <marc:subfield code="a">Fuḥūl al-ʻArab fī ʻilm al-adab.</marc:subfield>
  </marc:datafield>
  <marc:datafield tag="490" ind1="1" ind2=" ">
    <marc:subfield code="a">Khazānat al-Kutub al-ʻArabīyah.</marc:subfield>
  </marc:datafield>
  <marc:datafield tag="500" ind1=" " ind2=" ">
    <marc:subfield code="a">Added t.p.: Dîwān [par] Koṭayyir-ʻAzza; accompagné d'un commentaire arabe.</marc:subfield>
  </marc:datafield>
  <marc:datafield tag="500" ind1=" " ind2=" ">
    <marc:subfield code="a">A compilation of commentaries on individual verses of Kuthayyir's poems written by various authors.</marc:subfield>
  </marc:datafield>
  <marc:datafield tag="500" ind1=" " ind2=" ">
    <marc:subfield code="a">Vol. 2 has introd. in French.</marc:subfield>
  </marc:datafield>
  <marc:datafield tag="504" ind1=" " ind2=" ">
    <marc:subfield code="a">Includes bibliographical references.</marc:subfield>
  </marc:datafield>
  <marc:datafield tag="600" ind1="0" ind2="0">
    <marc:subfield code="a">Kuthayyir ʻAzzah ibn ʻAbd al-Raḥmān,</marc:subfield>
    <marc:subfield code="d">d. 723.</marc:subfield>
    <marc:subfield code="t">Dīwān.</marc:subfield>
  </marc:datafield>
  <marc:datafield tag="700" ind1="0" ind2=" ">
    <marc:subfield code="a">Kuthayyir ʻAzzah ibn ʻAbd al-Raḥmān,</marc:subfield>
    <marc:subfield code="d">d. 723.</marc:subfield>
    <marc:subfield code="t">Dīwān.</marc:subfield>
    <marc:subfield code="f">1928-30.</marc:subfield>
  </marc:datafield>
  <marc:datafield tag="830" ind1=" " ind2="0">
    <marc:subfield code="a">Maktabah al-ʻArabīyah (Cairo, Egypt)</marc:subfield>
  </marc:datafield>
  <marc:datafield tag="950" ind1=" " ind2=" ">
    <marc:subfield code="l">BMAIN</marc:subfield>
    <marc:subfield code="a">PJ7700.K8</marc:subfield>
    <marc:subfield code="b">Z77</marc:subfield>
  </marc:datafield>
  <marc:datafield tag="955" ind1=" " ind2=" ">
    <marc:subfield code="l">BMAIN</marc:subfield>
    <marc:subfield code="c">1:v.1</marc:subfield>
    <marc:subfield code="r">028857145</marc:subfield>
  </marc:datafield>
  <marc:datafield tag="955" ind1=" " ind2=" ">
    <marc:subfield code="l">BMAIN</marc:subfield>
    <marc:subfield code="c">1:v.2</marc:subfield>
    <marc:subfield code="r">010349770</marc:subfield>
  </marc:datafield>
  <marc:datafield tag="998" ind1=" " ind2=" ">
    <marc:subfield code="s">9114</marc:subfield>
  </marc:datafield>
</marc:record>
